@article{whodepression,
    title={Depression},
    author={World Health Organization},
    year={2021},
    url={https://www.who.int/news-room/fact-sheets/detail/depression}
}

@article{structuralbrainimaging,
  title={Forty years of structural brain imaging in mental disorders: is it clinically useful or not?},
  author={Falkai, Peter and Schmitt, Andrea and Andreasen, Nancy},
  journal={Dialogues in clinical neuroscience},
  volume={20},
  number={3},
  pages={179},
  year={2018},
  publisher={Les Laboratoires Servier}
}

@article{fMRIFuture,
  title={The future of functional MRI in clinical medicine},
  author={Bullmore, Ed},
  journal={Neuroimage},
  volume={62},
  number={2},
  pages={1267--1271},
  year={2012},
  publisher={Elsevier}
}

@article{rogersassessing,
  title={Assessing functional connectivity in the human brain by fMRI},
  author={Rogers, Baxter P and Morgan, Victoria L and Newton, Allen T and Gore, John C},
  journal={Magnetic resonance imaging},
  volume={25},
  number={10},
  pages={1347--1357},
  year={2007},
  publisher={Elsevier}
}

@article{yuan2016functional,
  title={Functional topography of the thalamocortical system in human},
  author={Yuan, Rui and Di, Xin and Taylor, Paul A and Gohel, Suril and Tsai, Yuan-Hsiung and Biswal, Bharat B},
  journal={Brain Structure and Function},
  volume={221},
  number={4},
  pages={1971--1984},
  year={2016},
  publisher={Springer}
}

@article{thomasorganization,
  title={The organization of the human cerebral cortex estimated by intrinsic functional connectivity},
  author={Thomas Yeo, BT and Krienen, Fenna M and Sepulcre, Jorge and Sabuncu, Mert R and Lashkari, Danial and Hollinshead, Marisa and Roffman, Joshua L and Smoller, Jordan W and Z{\"o}llei, Lilla and Polimeni, Jonathan R and others},
  journal={Journal of neurophysiology},
  volume={106},
  number={3},
  pages={1125--1165},
  year={2011},
  publisher={American Physiological Society Bethesda, MD}
}

@article{scolari2015functions,
  title={Functions of the human frontoparietal attention network: Evidence from neuroimaging},
  author={Scolari, Miranda and Seidl-Rathkopf, Katharina N and Kastner, Sabine},
  journal={Current opinion in behavioral sciences},
  volume={1},
  pages={32--39},
  year={2015},
  publisher={Elsevier}
}

@misc{heine2012resting,
  title={Resting state networks and consciousness: alterations of multiple resting state network connectivity in physiological, pharmacological, and pathological consciousness States. Front Psychol, 2012. 3: p. 295},
  author={Heine, L and Soddu, A and Gomez, F and Vanhaudenhuyse, A and Tshibanda, L and Thonnard, M and Demertzi, A},
  year={2012},
  publisher={Psychol}
}

@article{serendipitousDMN,
  title={The serendipitous discovery of the brain's default network},
  author={Buckner, Randy L},
  journal={Neuroimage},
  volume={62},
  number={2},
  pages={1137--1145},
  year={2012},
  publisher={Elsevier}
}

@article{estimatingLargeScaleNetworks,
  title={Estimating large-scale network convergence in the human functional connectome},
  author={Bell, Peter T and Shine, James M},
  journal={Brain connectivity},
  volume={5},
  number={9},
  pages={565--574},
  year={2015},
  publisher={Mary Ann Liebert, Inc. 140 Huguenot Street, 3rd Floor New Rochelle, NY 10801 USA}
}

@article{saliencemetabolic,
  title={Metabolic connectivity mapping reveals effective connectivity in the resting human brain},
  author={Riedl, Valentin and Utz, Lukas and Castrill{\'o}n, Gabriel and Grimmer, Timo and Rauschecker, Josef P and Ploner, Markus and Friston, Karl J and Drzezga, Alexander and Sorg, Christian},
  journal={Proceedings of the National Academy of Sciences},
  volume={113},
  number={2},
  pages={428--433},
  year={2016},
  publisher={National Acad Sciences}
}

@article{functionalconnectivity,
  title={Functional topography of the thalamocortical system in human},
  author={Yuan, Rui and Di, Xin and Taylor, Paul A and Gohel, Suril and Tsai, Yuan-Hsiung and Biswal, Bharat B},
  journal={Brain Structure and Function},
  volume={221},
  number={4},
  pages={1971--1984},
  year={2016},
  publisher={Springer}
}

@article{biswal1995functional,
  title={Functional connectivity in the motor cortex of resting human brain using echo-planar MRI},
  author={Biswal, Bharat and Zerrin Yetkin, F and Haughton, Victor M and Hyde, James S},
  journal={Magnetic resonance in medicine},
  volume={34},
  number={4},
  pages={537--541},
  year={1995},
  publisher={Wiley Online Library}
}

@article{brainvisual,
  title={Brain functional network connectivity based on a visual task: visual information processing-related brain regions are significantly activated in the task state},
  author={Yang, Yan-li and Deng, Hong-xia and Xing, Gui-yang and Xia, Xiao-luan and Li, Hai-fang},
  journal={Neural regeneration research},
  volume={10},
  number={2},
  pages={298},
  year={2015},
  publisher={Wolters Kluwer--Medknow Publications}
}

@article{cerebralcortexorg,
  title={The organization of the human cerebral cortex estimated by intrinsic functional connectivity},
  author={Thomas Yeo, BT and Krienen, Fenna M and Sepulcre, Jorge and Sabuncu, Mert R and Lashkari, Danial and Hollinshead, Marisa and Roffman, Joshua L and Smoller, Jordan W and Z{\"o}llei, Lilla and Polimeni, Jonathan R and others},
  journal={Journal of neurophysiology},
  volume={106},
  number={3},
  pages={1125--1165},
  year={2011},
  publisher={American Physiological Society Bethesda, MD}
}

@article{frontoparietalAttentionFunc,
  title={Functions of the human frontoparietal attention network: Evidence from neuroimaging},
  author={Scolari, Miranda and Seidl-Rathkopf, Katharina N and Kastner, Sabine},
  journal={Current opinion in behavioral sciences},
  volume={1},
  pages={32--39},
  year={2015},
  publisher={Elsevier}
}

@misc{sensorimotor,
  title={Resting state networks and consciousness: alterations of multiple resting state network connectivity in physiological, pharmacological, and pathological consciousness States. Front Psychol, 2012. 3: p. 295},
  author={Heine, L and Soddu, A and Gomez, F and Vanhaudenhuyse, A and Tshibanda, L and Thonnard, M and Demertzi, A},
  year={2012},
  publisher={Psychol}
}

@article{frontiers:rsfc,
  title={Clinical applications of resting state functional connectivity},
  author={Fox, Michael D and Greicius, Michael},
  journal={Frontiers in systems neuroscience},
  volume={4},
  pages={19},
  year={2010},
  publisher={Frontiers}
}

@article{biswalsimultaneous,
  title={Simultaneous assessment of flow and BOLD signals in resting-state functional connectivity maps},
  author={Biswal, Bharat B and Kylen, Joel Van and Hyde, James S},
  journal={NMR in Biomedicine: An International Journal Devoted to the Development and Application of Magnetic Resonance In Vivo},
  volume={10},
  number={4-5},
  pages={165--170},
  year={1997},
  publisher={Wiley Online Library}
}

@article{diagnosticbrainimaging,
  title={Diagnostic brain imaging in psychiatry: current uses and future prospects},
  author={Farah, Martha J and Gillihan, Seth J},
  journal={AMA Journal of Ethics},
  volume={14},
  number={6},
  pages={464--471},
  year={2012},
  publisher={American Medical Association}
}

@article{nobiochemicalbasis,
  title={Laboratory testing and imaging studies in psychiatry},
  author={Kim, H Florence and Schulz, Paul E and Wilde, Elisabeth A and Yudofsky, Stuart C},
  journal={The American Psychiatric Publishing Textbook of Psychiatry. 5th ed. Arlington, VA: American Psychiatric Publishing},
  pages={19--72},
  year={2008}
}

@article{noimagingbasis,
  title={Laboratory testing and imaging studies in psychiatry},
  author={Wilde, Elisabeth A and Kim, H Florence and Schulz, Paul E and Yudofsky, Stuart C},
  journal={The American Psychiatric Publishing Textbook of Psychiatry},
  pages={89},
  year={2014},
  publisher={American Psychiatric Pub}
}

@article{externalfactorsinMDD,
  title={Do psychiatrists perform appropriate physical investigations for their patients? A review of current practices in a general psychiatric inpatient and outpatient setting},
  author={Dale, Jenny and Sorour, Eman and Milner, Gabrielle},
  journal={Journal of mental health},
  volume={17},
  number={3},
  pages={293--298},
  year={2008},
  publisher={Taylor \& Francis}
}

@article{LRbrainnetwork,
  title={Brain networks connectivity in mild to moderate depression: resting state fMRI study with implications to nonpharmacological treatment},
  author={Bezmaternykh, Dmitry D and Melnikov, Mikhail Ye and Savelov, Andrey A and Kozlova, Lyudmila I and Petrovskiy, Evgeniy D and Natarova, Kira A and Shtark, Mark B},
  journal={Neural Plasticity},
  volume={2021},
  year={2021},
  publisher={Hindawi}
}

@article{model,
  title={Frontal EEG asymmetry of mood: A mini-review},
  author={Palmiero, Massimiliano and Piccardi, Laura},
  journal={Frontiers in Behavioral Neuroscience},
  volume={11},
  pages={224},
  year={2017},
  publisher={Frontiers}
}

@article{learning,
  title={Performance on a virtual reality spatial memory navigation task in depressed patients},
  author={Gould, Neda F and Holmes, M Kathleen and Fantie, Bryan D and Luckenbaugh, David A and Pine, Daniel S and Gould, Todd D and Burgess, Neil and Manji, Husseini K and Zarate Jr, MD, Carlos A},
  journal={American Journal of Psychiatry},
  volume={164},
  number={3},
  pages={516--519},
  year={2007},
  publisher={Am Psychiatric Assoc}
}

@article{stress,
  title={The social environment and depression: The roles of life stress.},
  author={Monroe, Scott M and Slavich, George M and Georgiades, Katholiki},
  year={2014},
  publisher={The Guilford Press}
}

@article{cortisol,
  title={The role of the hippocampus in feedback regulation of the hypothalamic-pituitary-adrenocortical axis},
  author={Jacobson, Lauren and Sapolsky, Robert},
  journal={Endocrine reviews},
  volume={12},
  number={2},
  pages={118--134},
  year={1991},
  publisher={Oxford University Press}
}

@article{controlsubject,
  title={Hippocampal granule neuron number and dentate gyrus volume in antidepressant-treated and untreated major depression},
  author={Boldrini, Maura and Santiago, Adrienne N and Hen, Ren{\'e} and Dwork, Andrew J and Rosoklija, Gorazd B and Tamir, Hadassah and Arango, Victoria and Mann, J John},
  journal={Neuropsychopharmacology},
  volume={38},
  number={6},
  pages={1068--1077},
  year={2013},
  publisher={Nature Publishing Group}
}

@article{disruptedMDD,
  title={Working Memory Training Effects on White Matter Integrity in Young and Older Adults},
  author={Dziemian, Sabine and Appenzeller, Sarah and Von Bastian, Claudia C and J{\"a}ncke, Lutz and Langer, Nicolas},
  journal={Frontiers in human neuroscience},
  volume={15},
  year={2021},
  publisher={Frontiers Media SA}
}

@article{emotion,
  title={Understanding the neurobiology of emotion perception: implications for psychiatry},
  author={Phillips, Mary L},
  journal={The British Journal of Psychiatry},
  volume={182},
  number={3},
  pages={190--192},
  year={2003},
  publisher={Cambridge University Press}
}

@article{memory,
  title={The medial temporal lobe and recognition memory},
  author={Eichenbaum, Howard and Yonelinas, Andrew P and Ranganath, Charan},
  journal={Annu. Rev. Neurosci.},
  volume={30},
  pages={123--152},
  year={2007},
  publisher={Annual Reviews}
}

@article{pengetal,
  title={Altered functional connectivity networks of hippocampal subregions in remitted late-onset depression: a longitudinal resting-state study},
  author={Wang, Zan and Yuan, Yonggui and Bai, Feng and Shu, Hao and You, Jiayong and Li, Lingjiang and Zhang, Zhijun},
  journal={Neuroscience bulletin},
  volume={31},
  number={1},
  pages={13--21},
  year={2015},
  publisher={Springer}
}

@article{prefrontal,
  title={Disrupted structural and functional connectivity in prefrontal-hippocampus circuitry in first-episode medication-naive adolescent depression},
  author={Geng, Haiyang and Wu, Feng and Kong, Lingtao and Tang, Yanqing and Zhou, Qian and Chang, Miao and Zhou, Yifang and Jiang, Xiaowei and Li, Songbai and Wang, Fei},
  journal={PloS one},
  volume={11},
  number={2},
  pages={e0148345},
  year={2016},
  publisher={Public Library of Science San Francisco, CA USA}
}

@article{functionalConnectivityNikin,
  title={The relationship between spatial configuration and functional connectivity of brain regions},
  author={Bijsterbosch, Janine Diane and Woolrich, Mark W and Glasser, Matthew F and Robinson, Emma C and Beckmann, Christian F and Van Essen, David C and Harrison, Samuel J and Smith, Stephen M},
  journal={Elife},
  volume={7},
  pages={e32992},
  year={2018},
  publisher={eLife Sciences Publications Limited}
}

@article{cerebellum,
  title={Disrupted resting-state functional connectivity of the hippocampus in medication-naive patients with major depressive disorder},
  author={Cao, Xiaohua and Liu, Zhifen and Xu, Cheng and Li, Jianying and Gao, Qiang and Sun, Ning and Xu, Yong and Ren, Yan and Yang, Chunxia and Zhang, Kerang},
  journal={Journal of affective disorders},
  volume={141},
  number={2-3},
  pages={194--203},
  year={2012},
  publisher={Elsevier}
}

@article{rightinsula,
  title={Abnormal resting-state functional connectivity of hippocampal subfields in patients with major depressive disorder},
  author={Hao, Zi Yu and Zhong, Yuan and Ma, Zi Juan and Xu, Hua Zhen and Kong, Jing Ya and Wu, Zhou and Wu, Yun and Li, Jian and Lu, Xin and Zhang, Ning and others},
  journal={BMC psychiatry},
  volume={20},
  number={1},
  pages={1--11},
  year={2020},
  publisher={Springer}
}

@article{homogeneity,
  title={Changes of functional brain networks in major depressive disorder: a graph theoretical analysis of resting-state fMRI},
  author={Ye, Ming and Yang, Tianliang and Qing, Peng and Lei, Xu and Qiu, Jiang and Liu, Guangyuan},
  journal={PloS one},
  volume={10},
  number={9},
  pages={e0133775},
  year={2015},
  publisher={Public Library of Science San Francisco, CA USA}
}

@article{hippocampal,
  title={Relating hippocampal circuitry to function: recall of memory sequences by reciprocal dentate--CA3 interactions},
  author={Lisman, John E},
  journal={Neuron},
  volume={22},
  number={2},
  pages={233--242},
  year={1999},
  publisher={Elsevier}
}

@misc{dataset,
author={},
title={SRPBS Multidisorder MRI Dataset},
year={2021},
howpublished={https://bicr-resource.atr.jp/srpbsopen/}
}

@article{wikibrainnetworks,
   author={Wikipedia contributors},
   title={Large-scale Brain Networks},
   year={2021},
   url={https://en.wikipedia.org/w/index.php?title=Large-scale_brain_network&oldid=1030157807},
   note={Online; accessed 1-July-2021}
 }

@article{zhuo2019rise,
  title={The rise and fall of MRI studies in major depressive disorder},
  author={Zhuo, Chuanjun and Li, Gongying and Lin, Xiaodong and Jiang, Deguo and Xu, Yong and Tian, Hongjun and Wang, Wenqiang and Song, Xueqin},
  journal={Translational psychiatry},
  volume={9},
  number={1},
  pages={1--14},
  year={2019},
  publisher={Nature Publishing Group}
}

@article{neuroimaging,
    author = "{Wikipedia contributors}",
    title = "Neuroimaging --- {Wikipedia}{,} The Free Encyclopedia",
    year = "2021",
    howpublished = "\url{https://en.wikipedia.org/w/index.php?title=Neuroimaging&oldid=1030479767}",
    note = "[Online; accessed 4-July-2021]"
  }

@misc{fMRI,
    author = "{Wikipedia contributors}",
    title = "Functional magnetic resonance imaging --- {Wikipedia}{,} The Free Encyclopedia",
    year = "2021",
    howpublished = "\url{https://en.wikipedia.org/w/index.php?title=Functional_magnetic_resonance_imaging&oldid=1022824965}",
    note = "[Online; accessed 4-July-2021]"
}

@article{effectMDD,
title={MDD on hippocampus 1},
author={Sarah Wilson},
URL={https://www.healthline.com/health/depression-physical-effects-on-the-brain},
year={2018},
}

@article{effectMDD3,
  title={The hippocampus, neurotrophic factors and depression 3},
  author={Masi, Gabriele and Brovedani, Paola},
  journal={CNS drugs},
  volume={25},
  number={11},
  pages={913--931},
  year={2011},
  publisher={Springer}
}

@article{resting,
  title={Resting-state functional connectivity in psychiatric disorders},
  author={Woodward, Neil D and Cascio, Carissa J},
  journal={JAMA psychiatry},
  volume={72},
  number={8},
  pages={743--744},
  year={2015},
  publisher={American Medical Association}
}

@article{correlation,
  title={Neuroimaging correlates of depressionâ€”implications to clinical practice},
  author={Castanheira, L{\'\i}gia and Silva, Carlos and Cheniaux, Elie and Telles-Correia, Diogo},
  journal={Frontiers in psychiatry},
  volume={10},
  pages={703},
  year={2019},
  publisher={Frontiers}
}

@article{rise,
  title={The rise and fall of MRI studies in major depressive disorder},
  author={Zhuo, Chuanjun and Li, Gongying and Lin, Xiaodong and Jiang, Deguo and Xu, Yong and Tian, Hongjun and Wang, Wenqiang and Song, Xueqin},
  journal={Translational psychiatry},
  volume={9},
  number={1},
  pages={1--14},
  year={2019},
  publisher={Nature Publishing Group}
}

@article{dorsalattentionfronto,
    author={ElAna Chabran and Vincent Noblet and Paulo Lourerio de Sousa and
        Catherine Demuynck, Nathalie Philippi},
    year={2020},
    month={01},
    title={ Changes in gray matter volume and fucntional connectivity in
        dementia with Lewy bodies compared to Alzheimers disease and normal
            aging: implications for fluctuations },
    url={https://www.hal.inserm.fr/inserm-02456945}
}

@article{hippocampalcircuitry,
   author={},
   title={Neural Circuits of the Hippocampus},
   url={https://sites.lsa.umich.edu/diba-lab/neural-circuits-of-the-hippocampus/},
}

@article{Majorbrainnetworks,
  title={Baseline brain structural and functional predictors of clinical outcome in the early course of schizophrenia},
  author={Doucet, Gaelle E and Moser, Dominik A and Luber, Maxwell J and Leibu, Evan and Frangou, Sophia},
  journal={Molecular psychiatry},
  volume={25},
  number={4},
  pages={863--872},
  year={2020},
  publisher={Nature Publishing Group}
}

@article{brainshrink,
  title={Chronic-depression-shrinks-brains-memories-and-emotion},
  author={Davey Melissa},
  URL={https://www.theguardian.com/society/2015/jun/30/chronic-depression-shrinks-brains-memories-and-emotion},
  year={2015}
}

@article{brainvolume,
  title={Longitudinal brain volume changes in major depressive disorder},
  author={Y{\"u}ksel, Dilara and Engelen, Jennifer and Schuster, Verena and Dietsche, Bruno and Konrad, Carsten and Jansen, Andreas and Dannlowski, Udo and Kircher, Tilo and Krug, Axel},
  journal={Journal of Neural Transmission},
  volume={125},
  number={10},
  pages={1433--1447},
  year={2018},
  publisher={Springer}
}

@inproceedings{hippocampusanatomy,
  title={Hippocampus Hitched-exemplifying the anatomy and pathology, a pictorial essay},
  author={Patwari, Sriram and Chadaga, HC and Rohatgi, Akshay and others},
  year={2017},
  organization={European Congress of Radiology-ECR 2017}
}

@article{limbic,
  title={The limbic system},
  author={Rajmohan, V and Mohandas, E},
  journal={Indian journal of psychiatry},
  volume={49},
  number={2},
  pages={132},
  year={2007},
  publisher={Wolters Kluwer--Medknow Publications}
}

@booklet{limbicsystem:hippocampus,
    title={Neuroscience Online an electronic textbook for the neurosciences},
    chapter={Limbic System: Hippocampus},
    author={Anthony Wright},
    organization={UT Health, The University of Texas},
    year={2020},
    month={10},
    url={https://nba.uth.tmc.edu/neuroscience/m/s4/chapter05.html}
}

@article{hippocampalca3,
  title={Hippocampal CA3-region is crucial for acquisition and memory consolidation in Morris water maze task in mice},
  author={Florian, C{\'e}drick and Roullet, Pascal},
  journal={Behavioural brain research},
  volume={154},
  number={2},
  pages={365--374},
  year={2004},
  publisher={Elsevier}
}

@article{connectivityanalysis,
    title={Resting-State Functional MRI: Everything That Nonexperts Have Always Wanted to Know},
    author={H. Lv and Z. Wang and E. Tong and L.M. Williams and G. Zaharchuk and
        M. Zeineh and A.N. Goldstein-Piekarski and T.M. Ball and C. Liao and
            M. Wintermark},
    journal={American Journal of Neuroradiology},
    year={2018},
    url={http://www.ajnr.org/content/early/2018/01/18/ajnr.A5527}
}

@online{ssdprice,
    title={SSD Price in Nepal: SATA SSD, M.2 SSD \& NVMe SSD},
    author={gadetbytenepal},
    year={2021},
    url={https://www.gadgetbytenepal.com/ssd-price-nepal/}
}

@article{coxafni,
  title={AFNI: what a long strange trip it's been},
  author={Cox, Robert W},
  journal={Neuroimage},
  volume={62},
  number={2},
  pages={743--747},
  year={2012},
  publisher={Elsevier}
}

